

@misc{CodaLab_comp,
  title = {{CodaLab} competition for {Challenge} 1 - {COMP 691} {D}eep {L}earning course project},
  year={Winter 2021},
  howpublished = {\url{https://competitions.codalab.org/competitions/30481}}
}



@misc{deng2012imagenet,
  title={ImageNet large scale visual recognition challenge (ILSVRC) 2012},
  author={Deng, Jia and Berg, Alexander C and Satheesh, Sanjeev and Su, Hao and Khosla, Aditya and Fei-Fei, Li},
  year={2012}
}

@inproceedings{krizhevsky12_cnn,
author = {Krizhevsky, Alex and Sutskever, Ilya and Hinton, Geoffrey E.},
title = {ImageNet Classification with Deep Convolutional Neural Networks},
year = {2012},
publisher = {Curran Associates Inc.},
address = {Red Hook, NY, USA},
booktitle = {Proceedings of the 25th International Conference on Neural Information Processing Systems - Volume 1},
pages = {1097–1105},
numpages = {9},
location = {Lake Tahoe, Nevada},
series = {NIPS'12}
}


@article{dsouza_structural_2020,
	title = {Structural {Analysis} and {Optimization} of {Convolutional} {Neural} {Networks} with a {Small} {Sample} {Size}},
	volume = {10},
	issn = {2045-2322},
	url = {https://doi.org/10.1038/s41598-020-57866-2},
	doi = {10.1038/s41598-020-57866-2},
	number = {1},
	journal = {Scientific Reports},
	author = {D’souza, Rhett N. and Huang, Po-Yao and Yeh, Fang-Cheng},
	month = jan,
	year = {2020},
	pages = {834}
}

@article{krizhevsky2009-cifar-10,
  title={Learning multiple layers of features from tiny images},
  author={Krizhevsky, Alex and Hinton, Geoffrey and others},
  year={2009},
  publisher={Citeseer}
}
@article{CIFAR-10,
title= {CIFAR-10 (Canadian Institute for Advanced Research)},
journal= {},
author= {Alex Krizhevsky and Vinod Nair and Geoffrey Hinton},
year= {},
url= {http://www.cs.toronto.edu/~kriz/cifar.html},

}
@article{cinic-10,
  author    = {Luke Nicholas Darlow and
               Elliot J. Crowley and
               Antreas Antoniou and
               Amos J. Storkey},
  title     = {{CINIC-10} is not ImageNet or {CIFAR-10}},
  journal   = {CoRR},
  volume    = {abs/1810.03505},
  year      = {2018},
  url       = {http://arxiv.org/abs/1810.03505},
  archivePrefix = {arXiv},
  eprint    = {1810.03505},
  timestamp = {Tue, 30 Oct 2018 10:49:09 +0100},
  biburl    = {https://dblp.org/rec/journals/corr/abs-1810-03505.bib},
  bibsource = {dblp computer science bibliography, https://dblp.org}
}

@article{resnet,
  author    = {Kaiming He and
               Xiangyu Zhang and
               Shaoqing Ren and
               Jian Sun},
  title     = {Deep Residual Learning for Image Recognition},
  journal   = {CoRR},
  volume    = {abs/1512.03385},
  year      = {2015},
  url       = {http://arxiv.org/abs/1512.03385},
  archivePrefix = {arXiv},
  eprint    = {1512.03385},
  timestamp = {Wed, 17 Apr 2019 17:23:45 +0200},
  biburl    = {https://dblp.org/rec/journals/corr/HeZRS15.bib},
  bibsource = {dblp computer science bibliography, https://dblp.org}
}

@ARTICLE{svm,
  author={Hearst, M.A. and Dumais, S.T. and Osuna, E. and Platt, J. and Scholkopf, B.},
  journal={IEEE Intelligent Systems and their Applications}, 
  title={Support vector machines}, 
  year={1998},
  volume={13},
  number={4},
  pages={18-28},
  doi={10.1109/5254.708428}}
  
  
@article{data_aug_survey_2019,
	title = {A survey on {Image} {Data} {Augmentation} for {Deep} {Learning}},
	volume = {6},
	issn = {2196-1115},
	url = {https://journalofbigdata.springeropen.com/articles/10.1186/s40537-019-0197-0},
	doi = {10.1186/s40537-019-0197-0},
	language = {en},
	number = {1},
	urldate = {2021-05-01},
	journal = {Journal of Big Data},
	author = {Shorten, Connor and Khoshgoftaar, Taghi M.},
	month = dec,
	year = {2019},
	pages = {60},
}

@article{cosine-loss,
  author    = {Bj{\"{o}}rn Barz and
               Joachim Denzler},
  title     = {Deep Learning on Small Datasets without Pre-Training using Cosine
               Loss},
  journal   = {CoRR},
  volume    = {abs/1901.09054},
  year      = {2019},
  url       = {http://arxiv.org/abs/1901.09054},
  archivePrefix = {arXiv},
  eprint    = {1901.09054},
  timestamp = {Sat, 02 Feb 2019 16:56:00 +0100},
  biburl    = {https://dblp.org/rec/journals/corr/abs-1901-09054.bib},
  bibsource = {dblp computer science bibliography, https://dblp.org}
}

@article{transfer-learning,
title = {Investigation of transfer learning for image classification and impact on training sample size},
journal = {Chemometrics and Intelligent Laboratory Systems},
volume = {211},
pages = {104269},
year = {2021},
issn = {0169-7439},
doi = {https://doi.org/10.1016/j.chemolab.2021.104269},
url = {https://www.sciencedirect.com/science/article/pii/S016974392100037X},
author = {Wenbo Zhu and Birgit Braun and Leo H. Chiang and Jose A. Romagnoli}
}

@article{vgg16,
  title={Accelerating very deep convolutional networks for classification and detection},
  author={Zhang, Xiangyu and Zou, Jianhua and He, Kaiming and Sun, Jian},
  journal={IEEE transactions on pattern analysis and machine intelligence},
  volume={38},
  number={10},
  pages={1943--1955},
  year={2015},
  publisher={IEEE}
}

@inproceedings{Resnet50,
  title={Deep residual learning for image recognition},
  author={He, Kaiming and Zhang, Xiangyu and Ren, Shaoqing and Sun, Jian},
  booktitle={Proceedings of the IEEE conference on computer vision and pattern recognition},
  pages={770--778},
  year={2016}
}

@article{Alexnet,
  title={One weird trick for parallelizing convolutional neural networks},
  author={Krizhevsky, Alex},
  journal={arXiv preprint arXiv:1404.5997},
  year={2014}
}

@inproceedings{Efficientnet,
  title={Efficientnet: Rethinking model scaling for convolutional neural networks},
  author={Tan, Mingxing and Le, Quoc},
  booktitle={International Conference on Machine Learning},
  pages={6105--6114},
  year={2019},
  organization={PMLR}
}

@misc{ wiki:cf10,
  author = {{CIFAR-10}},
  title = "CIFAR-10 --- {W}ikipedia",
  year = "2021",
   howpublished = {\url{"https://en.wikipedia.org/wiki/CIFAR-10"}}
}

@misc{ wiki:vc-dimension,
  author = {{Wikipedia}},
  title = "Vapnik–Chervonenkis dimension",
  year = "2021",
   howpublished = {\url{"https://en.wikipedia.org/wiki/Vapnik-Chervonenkis_dimension"}}
}


@misc{kang2017patchshuffle,
      title={PatchShuffle Regularization}, 
      author={Guoliang Kang and Xuanyi Dong and Liang Zheng and Yi Yang},
      year={2017},
      eprint={1707.07103},
      archivePrefix={arXiv},
      primaryClass={cs.CV}
}

@misc{inoue2018data,
      title={Data Augmentation by Pairing Samples for Images Classification}, 
      author={Hiroshi Inoue},
      year={2018},
      eprint={1801.02929},
      archivePrefix={arXiv},
      primaryClass={cs.LG}
}

@misc{zhong2017random,
      title={Random Erasing Data Augmentation}, 
      author={Zhun Zhong and Liang Zheng and Guoliang Kang and Shaozi Li and Yi Yang},
      year={2017},
      eprint={1708.04896},
      archivePrefix={arXiv},
      primaryClass={cs.CV}
}

@INPROCEEDINGS{8658633,
  author={Barz, Björn and Denzler, Joachim},
  booktitle={2019 IEEE Winter Conference on Applications of Computer Vision (WACV)}, 
  title={Hierarchy-Based Image Embeddings for Semantic Image Retrieval}, 
  year={2019},
  volume={},
  number={},
  pages={638-647},
  doi={10.1109/WACV.2019.00073}}
  
@INPROCEEDINGS{7780677,
  author={Szegedy, Christian and Vanhoucke, Vincent and Ioffe, Sergey and Shlens, Jon and Wojna, Zbigniew},
  booktitle={2016 IEEE Conference on Computer Vision and Pattern Recognition (CVPR)}, 
  title={Rethinking the Inception Architecture for Computer Vision}, 
  year={2016},
  volume={},
  number={},
  pages={2818-2826},
  doi={10.1109/CVPR.2016.308}}

@misc{zhang2020_grad_clip,
      title={Why gradient clipping accelerates training: A theoretical justification for adaptivity}, 
      author={Jingzhao Zhang and Tianxing He and Suvrit Sra and Ali Jadbabaie},
      year={2020},
      eprint={1905.11881},
      archivePrefix={arXiv},
      primaryClass={math.OC}
}

@article{andreas16_resnet_ensemble,
  author    = {Andreas Veit and
               Michael J. Wilber and
               Serge J. Belongie},
  title     = {Residual Networks are Exponential Ensembles of Relatively Shallow
               Networks},
  journal   = {CoRR},
  volume    = {abs/1605.06431},
  year      = {2016},
  url       = {http://arxiv.org/abs/1605.06431},
  archivePrefix = {arXiv},
  eprint    = {1605.06431},
  timestamp = {Mon, 13 Aug 2018 16:47:46 +0200},
  biburl    = {https://dblp.org/rec/journals/corr/VeitWB16.bib},
  bibsource = {dblp computer science bibliography, https://dblp.org}
}

@misc{programcreek:colorjitter,
  author = {Programcreek},
  title = "Python torchvision.transforms.ColorJitter() Examples",
   howpublished = {\url{"https://www.programcreek.com/python/example/117697/torchvision.transforms.ColorJitter"}}
}

@misc{kingma2017adam,
      title={Adam: A Method for Stochastic Optimization}, 
      author={Diederik P. Kingma and Jimmy Ba},
      year={2017},
      eprint={1412.6980},
      archivePrefix={arXiv},
      primaryClass={cs.LG}
}

@article{leslie17_lr_scheduler,
  author    = {Leslie N. Smith and
               Nicholay Topin},
  title     = {Super-Convergence: Very Fast Training of Residual Networks Using Large
               Learning Rates},
  journal   = {CoRR},
  volume    = {abs/1708.07120},
  year      = {2017},
  url       = {http://arxiv.org/abs/1708.07120},
  archivePrefix = {arXiv},
  eprint    = {1708.07120},
  timestamp = {Mon, 13 Aug 2018 16:48:13 +0200},
  biburl    = {https://dblp.org/rec/journals/corr/abs-1708-07120.bib},
  bibsource = {dblp computer science bibliography, https://dblp.org}
}

@article{bergstra12a_random_search,
  author  = {James Bergstra and Yoshua Bengio},
  title   = {Random Search for Hyper-Parameter Optimization},
  journal = {Journal of Machine Learning Research},
  year    = {2012},
  volume  = {13},
  number  = {10},
  pages   = {281-305},
  url     = {http://jmlr.org/papers/v13/bergstra12a.html}
}

@article{AGARWAL2018_DAGSVM,
title = {Improving multiclass classification by deep networks using DAGSVM and Triplet Loss},
journal = {Pattern Recognition Letters},
volume = {112},
pages = {184-190},
year = {2018},
issn = {0167-8655},
doi = {https://doi.org/10.1016/j.patrec.2018.06.034},
url = {https://www.sciencedirect.com/science/article/pii/S0167865518302745},
author = {Nakul Agarwal and Vineeth N Balasubramanian and C.V. Jawahar},
keywords = {Multiclass classification, Deep networks, DAGSVM, Triplet loss},
}

@article{tang13_dl_svm,
  author    = {Yichuan Tang},
  title     = {Deep Learning using Support Vector Machines},
  journal   = {CoRR},
  volume    = {abs/1306.0239},
  year      = {2013},
  url       = {http://arxiv.org/abs/1306.0239},
  archivePrefix = {arXiv},
  eprint    = {1306.0239},
  timestamp = {Mon, 13 Aug 2018 16:49:05 +0200},
  biburl    = {https://dblp.org/rec/journals/corr/Tang13.bib},
  bibsource = {dblp computer science bibliography, https://dblp.org}
}

@Article{kertesz20_metric_embedding,
AUTHOR = {Kertész, Gábor},
TITLE = {Metric Embedding Learning on Multi-Directional Projections},
JOURNAL = {Algorithms},
VOLUME = {13},
YEAR = {2020},
NUMBER = {6},
ARTICLE-NUMBER = {133},
URL = {https://www.mdpi.com/1999-4893/13/6/133},
ISSN = {1999-4893},
}

@article{SchroffKP15_facenet,
  author    = {Florian Schroff and
               Dmitry Kalenichenko and
               James Philbin},
  title     = {FaceNet: {A} Unified Embedding for Face Recognition and Clustering},
  journal   = {CoRR},
  volume    = {abs/1503.03832},
  year      = {2015},
  url       = {http://arxiv.org/abs/1503.03832},
  archivePrefix = {arXiv},
  eprint    = {1503.03832},
  timestamp = {Mon, 13 Aug 2018 16:46:42 +0200},
  biburl    = {https://dblp.org/rec/journals/corr/SchroffKP15.bib},
  bibsource = {dblp computer science bibliography, https://dblp.org}
}

@article{kay19_dml_survey,
author = {Kaya, Mahmut and Bilge, H.},
year = {2019},
month = {08},
pages = {1066},
title = {Deep Metric Learning: A Survey},
volume = {11},
journal = {Symmetry},
doi = {10.3390/sym11091066}
}

@misc{cui2016finegrained,
      title={Fine-grained Categorization and Dataset Bootstrapping using Deep Metric Learning with Humans in the Loop}, 
      author={Yin Cui and Feng Zhou and Yuanqing Lin and Serge Belongie},
      year={2016},
      eprint={1512.05227},
      archivePrefix={arXiv},
      primaryClass={cs.CV}
}

@inproceedings{SiameseNN,
  title={Siamese neural networks for one-shot image recognition},
  author={Koch, Gregory and Zemel, Richard and Salakhutdinov, Ruslan},
  booktitle={ICML deep learning workshop},
  volume={2},
  year={2015},
  organization={Lille}
}
@article{WideResNet,
  title={Wide residual networks},
  author={Zagoruyko, Sergey and Komodakis, Nikos},
  journal={arXiv preprint arXiv:1605.07146},
  year={2016}
}

@article{mobilenets,
  title={Mobilenets: Efficient convolutional neural networks for mobile vision applications},
  author={Howard, Andrew G and Zhu, Menglong and Chen, Bo and Kalenichenko, Dmitry and Wang, Weijun and Weyand, Tobias and Andreetto, Marco and Adam, Hartwig},
  journal={arXiv preprint arXiv:1704.04861},
  year={2017}
}